<?xml version="1.0" encoding="UTF-8"?><collection xmlns="http://www.loc.gov/MARC21/slim"><record><leader>00403nam--2200157-i-4500</leader><controlfield tag="001">000020033</controlfield><controlfield tag="002">20161230</controlfield><controlfield tag="005">20170105165206</controlfield><controlfield tag="008">060222s1000------------r-----000-0-eng-d</controlfield><datafield ind1=" " ind2=" " tag="080"><subfield code="a">53(031)</subfield></datafield><datafield ind1=" " ind2=" " tag="245"><subfield code="a">Encyclopedia of physics</subfield></datafield><datafield ind1=" " ind2=" " tag="260"><subfield code="a">London</subfield><subfield code="b">Addison-Wesley Publishing Company, Inc</subfield><subfield code="c">1981</subfield></datafield><datafield ind1=" " ind2=" " tag="300"><subfield code="a">XI + 1157 p</subfield></datafield><datafield ind1=" " ind2=" " tag="700"><subfield code="a">Sullivan, Walter</subfield></datafield><datafield ind1=" " ind2=" " tag="852"><subfield code="a">D.577</subfield></datafield><datafield ind1=" " ind2=" " tag="CAT"><subfield code="a">SYS</subfield><subfield code="c">20170105</subfield><subfield code="h">165206</subfield></datafield></record></collection>